@article{tesinaIA,
    author    = "A. Altamura,D. Di Pasquale,M. Tomeo",
    title     = "Relaxed Functional Dependencies Discovery",
    journal   = "unisa",
    year      = "2017",
}
@article{onDiscovery,
    author    = "L. Caruccio, V. Deufemia, G. Polese",
    title     = "On Discovery of Relaxed Functional Dependencies",
    journal   = "boh",
    year      = "2018",
}
@article{query_answering,
    author    = "Xiangfu Meng,Z. M. Ma, Li Yan",
    title     = "Answering Approximate Queries over Autonomous Web Databases",
    journal   = "WWW",
    year      = "2009",
}
@article{rfdSurvey,
    author    = "L. Caruccio, V. Deufemia, G. Polese",
    title     = "Relaxed Functional Dependencies: A Survery of Approaches",
    journal   = "IEEE Transactions on knowledge and data engineering",
    year      = "2016",
}
@book{libroCeri,
    author    = "P. Atzeni,S. Ceri,P. Fraternali, S. Paraboschi, R. Torlone",
    title     = "Basi di dati: Modelli e linguaggi di programmazione",
    publisher = "McGraw Hill",
    year      = "2013",
}
@article{emptyvs,
    author    = "Bosc, P., Hadjali A., and Pivert .O",
    title     = "Empty versus
overabundant answers to flexible relational queries. Fuzzy Sets
and Systems",
    journal   = "WWW",
    year      = "2007",
}
@article{generalfuzzy,
    author    = "Ma Z. M., Yan L.",
    title     = "Generalization of strategies for fuzzy
query translation in classical relational databases. Information
and Software Technology",
    journal   = "WWW",
    year      = "2007",
}
