@Article{ LM11,
title = "Name of paper",
author = "Author A and Author B",
journal = "Arxiv",
year = "2011",
url = "http://arxiv.org/PS_cache/arxiv/pdf/..."
}

@Online{ LM11,
title = "Name of paper",
author = "Author A and Author B",
year = "2011",
url = "http://arxiv.org/PS_cache/arxiv/pdf/..."
}

@Book{ LM11,
title = "Name of paper",
author = "Author A and Author B",
year = "2011",
}